@article{kumar2015fusion,
author = {Kumar, Neeraj and Kumar Mishra, Vikas and L.P. Gupta, C},
year = {2015},
month = {06},
pages = {},
title = {Analysis and Evaluation of Image Fusion Algorithms},
volume = {6},
booktitle = {SAMRIDDHI : A Journal of Physical Sciences, Engineering and Technology}
}